@book{funatabi,
  title={数学オリンピック幾何への挑戦: ユークリッド幾何学をめぐる船旅},
  author={Evan Chen and 森田康夫 and 兒玉太陽 and 熊谷勇輝 and 宿田彩斗 and 平山楓馬},
  year={2023},
  publisher={日本評論社}
}
@book{egimo,
  title={Euclidean Geometry in Mathematical Olympiads},
  author={Evan Chen},
  year={2016},
  publisher={American Mathematical Soc.}
}
@book{kakutoku,
  title={獲得金メダル！ 国際数学オリンピック メダリストが教える解き方と技},
  author={小林一章},
  year={2011},
  publisher={朝倉書店}
}
@book{engeo,
  title={Geometry in Figures},
  author={A. V. Akopyan},
  year={2011},
  publisher={CreateSpace Independent Publishing Platform}
}
@misc{geoslang,
  title={Lemmas in AoPS Geometry},
  author={Evan Chen},
  howpublished={\url{https://web.evanchen.cc/handouts/GeoSlang/GeoSlang.pdf}}
}
@misc{hdpoints,
  title={On Two Special Points in Triangle},
  author={Kapil Pause},
  howpublished={\url{https://web.evanchen.cc/handouts/GeoSlang/GeoSlang.pdf}}
}
@misc{muricaaaaaaa,
  title={’Muricaaaaaaa},
  author={i3435},
  howpublished={\url{https://artofproblemsolving.com/community/c6h2456133p20459825}}
}